<?xml version="1.0" encoding="UTF-8"?><record xmlns="http://www.loc.gov/MARC21/slim" xmlns:cinclude="http://apache.org/cocoon/include/1.0" xmlns:zs="http://www.loc.gov/zing/srw/">
  <leader>00358nz  a2200121n  4500</leader>
  <controlfield tag="001">nr2001028518</controlfield>
  <controlfield tag="003">DLC</controlfield>
  <controlfield tag="005">20020103033131.0</controlfield>
  <controlfield tag="008">010718n| acannaabn          |n aaa     c</controlfield>
  <datafield tag="010" ind1=" " ind2=" ">
    <subfield code="a">nr2001028518</subfield>
  </datafield>
  <datafield tag="040" ind1=" " ind2=" ">
    <subfield code="a">MWA</subfield>
    <subfield code="b">eng</subfield>
    <subfield code="c">CtWfDGI</subfield>
  </datafield>
  <datafield tag="100" ind1="1" ind2=" ">
    <subfield code="a">Steptoe, James</subfield>
  </datafield>
  <datafield tag="670" ind1=" " ind2=" ">
    <subfield code="a">United States. Congress. House. Committee on the Public Lands. Report, 1824:</subfield>
    <subfield code="b">p. 1 (James Steptoe)</subfield>
  </datafield>
</record>